@book{Schattschneider1975,
author = {Schattschneider, Elmer E.},
pages = {147},
publisher = {Dryden Press},
title = {{The Semisovereign People: A Realist's Wiew of Democracy in America}},
year = {1975}
}
